<record><leader>00000cas a22000007a 4500</leader><controlfield tag="001">10783709</controlfield><controlfield tag="008">840529d1874187uscuwr ne      0    0eng d</controlfield><controlfield tag="009">3781</controlfield><datafield ind1=" " ind2=" " tag="010"><subfield code="a">sn 84026960 </subfield></datafield><datafield ind1=" " ind2=" " tag="040"><subfield code="a">NPU</subfield><subfield code="b">eng</subfield><subfield code="c">NPU</subfield><subfield code="d">DLC</subfield><subfield code="d">NPX</subfield><subfield code="d">DLC</subfield><subfield code="d">SVN</subfield><subfield code="d">DLC</subfield><subfield code="d">OCLCQ</subfield><subfield code="d">TGN</subfield></datafield><datafield ind1="1" ind2=" " tag="029"><subfield code="a">AU@</subfield><subfield code="b">000026223482</subfield></datafield><datafield ind1=" " ind2=" " tag="042"><subfield code="a">msc</subfield></datafield><datafield ind1="0" ind2="0" tag="050"><subfield code="a">Newspaper</subfield></datafield><datafield ind1="0" ind2=" " tag="130"><subfield code="a">Courier-journal (Aiken, S.C.)</subfield></datafield><datafield ind1="1" ind2="4" tag="245"><subfield code="a">The courier-journal.</subfield></datafield><datafield ind1=" " ind2=" " tag="260"><subfield code="a">Aiken, S.C. :</subfield><subfield code="b">John McRay</subfield></datafield><datafield ind1=" " ind2=" " tag="300"><subfield code="a">v.</subfield></datafield><datafield ind1=" " ind2=" " tag="310"><subfield code="a">Weekly</subfield></datafield><datafield ind1="0" ind2=" " tag="362"><subfield code="a">Vol. 1, no. 1 (Nov. 7, 1874)-</subfield></datafield><datafield ind1="1" ind2=" " tag="362"><subfield code="a">Ceased in 1877?</subfield></datafield><datafield ind1=" " ind2="1" tag="651"><subfield code="a">Aiken (S.C.)</subfield><subfield code="v">Newspapers.</subfield></datafield><datafield ind1=" " ind2="1" tag="651"><subfield code="a">Aiken County (S.C.)</subfield><subfield code="v">Newspapers.</subfield></datafield><datafield ind1=" " ind2=" " tag="752"><subfield code="a">United States</subfield><subfield code="b">South Carolina</subfield><subfield code="c">Aiken</subfield><subfield code="d">Aiken.</subfield></datafield><datafield ind1="0" ind2="0" tag="780"><subfield code="t">Aiken journal</subfield><subfield code="w">(DLC)sn 84026966</subfield></datafield><datafield ind1="0" ind2="0" tag="785"><subfield code="t">Aiken courier-journal (Aiken, S.C.)</subfield><subfield code="w">(DLC)sn 92065673</subfield></datafield></record>